<?xml version="1.0" encoding="UTF-8"?><collection xmlns="http://www.loc.gov/MARC21/slim"><record><leader>00557nam--2200181-i-4500</leader><controlfield tag="001">000027284</controlfield><controlfield tag="002">20161230</controlfield><controlfield tag="005">20161230201036</controlfield><controlfield tag="008">060222s1000------------r-----000-0-ger-d</controlfield><datafield ind1=" " ind2=" " tag="040"><subfield code="a">IFIN-HH</subfield></datafield><datafield ind1=" " ind2=" " tag="041"><subfield code="a">ger</subfield></datafield><datafield ind1=" " ind2=" " tag="080"><subfield code="a">539.143.43:543.5</subfield></datafield><datafield ind1="1" ind2=" " tag="100"><subfield code="a">Kramer, Horst E.A</subfield></datafield><datafield ind1="1" ind2="0" tag="245"><subfield code="a">Nmr-untersuchungen uber die protonierung alpha . s-ungesattigter s-amino-carbonylverbindungen</subfield><subfield code="b">Dissertation</subfield><subfield code="c">Horst e.a. kramer</subfield></datafield><datafield ind1=" " ind2=" " tag="260"><subfield code="a">Stuttgart</subfield><subfield code="b">Technische Hoschule</subfield><subfield code="c">1964</subfield></datafield><datafield ind1=" " ind2=" " tag="300"><subfield code="a">147P.+ 32FIG</subfield></datafield><datafield ind1=" " ind2=" " tag="852"><subfield code="a">20751</subfield><subfield code="c">539.143.43</subfield></datafield><datafield ind1=" " ind2=" " tag="CAT"><subfield code="a">Sys</subfield><subfield code="c">20120419</subfield><subfield code="h">140520</subfield></datafield></record></collection>